@article{smith2009human,
  title={Human-centered design of decision-support systems},
  author={Smith, Philip J and Geddes, Norman D and Beatty, Roger},
  journal={Human-Computer Interaction: Design Issues, Solutions, and Applications},
  pages={245},
  year={2009},
  publisher={CRC Press}
}