% 0. HITL ATM

@inproceedings{lundberg2019human,
  title={Human-in-the-loop AI: Requirements on future (unified) air traffic management systems},
  author={Lundberg, Jonas and B{\aa}ng, Magnus and Johansson, Jimmy and Cheaitou, Ali and Josefsson, Billy and Tahboub, Zain},
  booktitle={2019 IEEE/AIAA 38th Digital Avionics Systems Conference (DASC)},
  pages={1--9},
  year={2019},
  organization={IEEE}
}

% 1. AutoML systems, Reverse-HITL
@inproceedings{shang2019democratizing,
  title={Democratizing data science through interactive curation of ml pipelines},
  author={Shang, Zeyuan and Zgraggen, Emanuel and Buratti, Benedetto and Kossmann, Ferdinand and Eichmann, Philipp and Chung, Yeounoh and Binnig, Carsten and Upfal, Eli and Kraska, Tim},
  booktitle={Proceedings of the 2019 International Conference on Management of Data},
  pages={1171--1188},
  year={2019}
}

@article{elshawi2019automated,
  title={Automated machine learning: State-of-the-art and open challenges},
  author={Elshawi, Radwa and Maher, Mohamed and Sakr, Sherif},
  journal={arXiv preprint arXiv:1906.02287},
  year={2019}
}

@inproceedings{patel2020smart,
  title={Smart-ML: A System for Machine Learning Model Exploration using Pipeline Graph},
  author={Patel, Dhaval and Shrivastava, Shrey and Gifford, Wesley and Siegel, Stuart and Kalagnanam, Jayant and Reddy, Chandra},
  booktitle={2020 IEEE International Conference on Big Data (Big Data)},
  pages={1604--1613},
  year={2020},
  organization={IEEE}
}

% 2. Pipeline designs, framework, HITL
% 2.1. ML framework
@inproceedings{van2021towards,
  title={Towards Guidelines for Designing Human-in-the-Loop Machine Training Interfaces},
  author={van der Stappen, Almar and Funk, Mathias},
  booktitle={26th International Conference on Intelligent User Interfaces},
  pages={514--519},
  year={2021}
}

@inproceedings{chai2020humanoutlier,
  title={Human-in-the-loop Outlier Detection},
  author={Chai, Chengliang and Cao, Lei and Li, Guoliang and Li, Jian and Luo, Yuyu and Madden, Samuel},
  booktitle={Proceedings of the 2020 ACM SIGMOD International Conference on Management of Data},
  pages={19--33},
  year={2020}
}

@inproceedings{xin2018accelerating,
  title={Accelerating human-in-the-loop machine learning: challenges and opportunities},
  author={Xin, Doris and Ma, Litian and Liu, Jialin and Macke, Stephen and Song, Shuchen and Parameswaran, Aditya},
  booktitle={Proceedings of the Second Workshop on Data Management for End-To-End Machine Learning},
  pages={1--4},
  year={2018}
}

@article{xin2018helix,
  title={Helix: accelerating human-in-the-loop machine learning},
  author={Xin, Doris and Ma, Litian and Liu, Jialin and Macke, Stephen and Song, Shuchen and Parameswaran, Aditya},
  journal={arXiv preprint arXiv:1808.01095},
  year={2018}
}

% 2.2 Data framework
@article{li2017human,
  title={Human-in-the-loop data integration},
  author={Li, Guoliang},
  journal={Proceedings of the VLDB Endowment},
  volume={10},
  number={12},
  pages={2006--2017},
  year={2017},
  publisher={VLDB Endowment}
}

% 2.3. Survey
% AutoML user's perspective
@inproceedings{xanthopoulos2020putting,
  title={Putting the Human Back in the AutoML Loop.},
  author={Xanthopoulos, Iordanis and Tsamardinos, Ioannis and Christophides, Vassilis and Simon, Eric and Salinger, Alejandro},
  booktitle={EDBT/ICDT Workshops},
  year={2020}
}
% survey
@article{budd2021survey,
  title={A survey on active learning and human-in-the-loop deep learning for medical image analysis},
  author={Budd, Samuel and Robinson, Emma C and Kainz, Bernhard},
  journal={Medical Image Analysis},
  pages={102062},
  year={2021},
  publisher={Elsevier}
}

@article{chai2020human,
  title={Human-in-the-loop Techniques in Machine Learning},
  author={Chai, Chengliang and Li, Guoliang},
  journal={Data Engineering},
  pages={37},
  year={2020}
}

@book{Munro2020human,
  title     = "Human-in-the-loop machine learning",
  author    = "Munro, Robert",
  publisher = "O'Reilly Media",
  year      =  2020
}


% 2.4 Human dynamics
@inproceedings{honeycutt2020soliciting,
  title={Soliciting human-in-the-loop user feedback for interactive machine learning reduces user trust and impressions of model accuracy},
  author={Honeycutt, Donald and Nourani, Mahsan and Ragan, Eric},
  booktitle={Proceedings of the AAAI Conference on Human Computation and Crowdsourcing},
  volume={8},
  number={1},
  pages={63--72},
  year={2020}
}

% 2.5. Opinion
@article{zanzotto2019human,
  title={Human-in-the-loop Artificial Intelligence},
  author={Zanzotto, Fabio Massimo},
  journal={Journal of Artificial Intelligence Research},
  volume={64},
  pages={243--252},
  year={2019}
}

% misc
@article{bezrukavnikov2021neophyte,
  title={A Neophyte With AutoML: Evaluating the Promises of Automatic Machine Learning Tools},
  author={Bezrukavnikov, Oleg and Linder, Rhema},
  journal={arXiv preprint arXiv:2101.05840},
  year={2021}
}